@Article{compare-text-clustering-sokolov,
  author   = {СОКОЛОВ, П.В. and КАРУНА, Е.Н.},
  journal  = { МЕЖДУНАРОДНАЯ КОНФЕРЕНЦИЯ ПО МЯГКИМ ВЫЧИСЛЕНИЯМ И ИЗМЕРЕНИЯМ},
  title    = {СРАВНИТЕЛЬНЫЙ АНАЛИЗ МЕТОДОВ КЛАСТЕРИЗАЦИИ ТЕКСТОВОЙ ИНФОРМАЦИИ},
  year     = {2021},
  pages    = {155-158},
  abstract = {Работа посвящена сравнительному анализу методов кластеризации текстовой информации с использованием набора H-метрик. Исследованы: самоорганизующаяся сеть Кохонена, методы К-средних, спектральной кластеризации и агломеративной кластеризации. Рассмотрены особенности реализации алгоритмов и вопросы их оптимизации. Для наглядной визуализации результатов, применен метод снижения размерности, позволяющий на двумерной плоскости отобразить многомерное пространство данных. Сделаны выводы об эффективности исследованных алгоритмов.},
  keywords = { КЛАСТЕРИЗАЦИЯ ТЕКСТОВ, МЕТОД K-СРЕДНИХ, АГЛОМЕРАТИВНАЯ КЛАСТЕРИЗАЦИЯ, ТОЧНОСТЬ, F-МЕРА},
  owner    = { Санкт-Петербургский государственный электротехнический университет «ЛЭТИ» им. В.И. Ульянова (Ленина)},
  url      = {https://scm.etu.ru/assets/files/2021/scm21/papers/155-158.pdf},
}

@Article{method-text-clustering-andreev,
  author = {Андреев, А.М. and Березкин, Д.В. and Морозов, В.В. and Симаков, К.В.},
  title  = {Метод кластеризации документов текстовых коллекцийи синтеза аннотаций кластеров},
  owner  = {МГТУ им. Н.Э. Баумана},
}

@Comment{jabref-meta: databaseType:bibtex;}
